
@article{shapiro2020measuring,
  title={Measuring news sentiment},
  author={Shapiro, Adam Hale and Sudhof, Moritz and Wilson, Daniel J},
  journal={Journal of econometrics},
  year={2020},
  publisher={Elsevier}
}

@article{shapiro2021taking,
  title={Taking the fed at its word: A new approach to estimating central bank objectives using text analysis},
  author={Shapiro, Adam Hale and Wilson, Daniel},
  year={2021},
  organization={Federal Reserve Bank of San Francisco}
}


% When Is a Liability Not a Liability? Textual Analysis, Dictionaries, and 10-Ks
@article{loughran2011liability,
  title={When is a liability not a liability? Textual analysis, dictionaries, and 10-Ks},
  author={Loughran, Tim and McDonald, Bill},
  journal={The Journal of finance},
  volume={66},
  number={1},
  pages={35--65},
  year={2011},
  publisher={Wiley Online Library}
}

@techreport{ostapenko2020macroeconomic,
  title={Macroeconomic expectations: news sentiment analysis},
  author={Ostapenko, Nataliia and others},
  year={2020},
  institution={Bank of Estonia}
}

@article{santos2020indice,
  title={{\'I}ndice de incerteza econ{\^o}mica sob a {\'o}tica da an{\'a}lise de sentimento: uma aplica{\c{c}}{\~a}o para as atas do Banco Central},
  author={Santos, Alexandre Portugal and others},
  year={2020}
}

@book{chowdhury2003nlp,
  title={Natural language processing},
  author={Chowdhury, Gobinda G},
  year={2003},
  publisher={Facet publishing}
}

% VADER: A Parsimonious Rule-based Model for Sentiment Analysis of Social Media Text
@inproceedings{hutto2014vader,
  title={Vader: A parsimonious rule-based model for sentiment analysis of social media text},
  author={Hutto, Clayton and Gilbert, Eric},
  booktitle={Proceedings of the international AAAI conference on web and social media},
  volume={8},
  number={1},
  pages={216--225},
  year={2014}
}

% https://github.com/cjhutto/vaderSentiment
@misc{vadergit,
  title = {{VADER-Sentiment-Analysis}},
  author={Hutto, Clayton},
  howpublished = {\url{https://github.com/cjhutto/vaderSentiment}},
  note = {Accessed: 2022-05-01},
  year={2021}
}

% Data statement for the LM-SA-2020 Sentiment Word List
@misc{lmdata,
  title = {Data statement for the LM-SA-2020 Sentiment Word List},
  author={Terblanche, Michelle and Marivate Vukosi},
  howpublished = {\url{https://doi.org/10.25403/UPresearchdata.14401178}},
  note = {Accessed: 2022-05-01},
  year={2021}
}

% Accruals quality and internal control over financial reporting
@article{doyle2007accruals,
  title={Accruals quality and internal control over financial reporting},
  author={Doyle, Jeffrey T and Ge, Weili and McVay, Sarah},
  journal={The accounting review},
  volume={82},
  number={5},
  pages={1141--1170},
  year={2007}
}

% Sentiment lexicons and non-English languages: a survey
@article{kaity2020sentiment,
  title={Sentiment lexicons and non-English languages: a survey},
  author={Kaity, Mohammed and Balakrishnan, Vimala},
  journal={Knowledge and Information Systems},
  volume={62},
  number={12},
  pages={4445--4480},
  year={2020},
  publisher={Springer}
}